@misc{cme_corn_overview,
  author       = {{CME Group}},
  title        = {Corn Futures Overview},
  year         = {n.d.},
  howpublished = {\url{https://www.cmegroup.com/markets/agriculture/grains/corn.html}}
}

@misc{barchart_zc_specs,
  author       = {Barchart},
  title        = {Corn Futures Contract Specifications (ZC)},
  year         = {n.d.},
  howpublished = {\url{https://www.barchart.com/futures/quotes/ZC%2A0/profile}}
}

@misc{ers_ethanol_40,
  author       = {{USDA Economic Research Service}},
  title        = {Corn-based ethanol production in the United States},
  year         = {n.d.},
  howpublished = {\url{https://www.ers.usda.gov/data-products/chart-gallery/chart-detail?chartId=58346}},
  note         = {Ethanol has accounted for over 40\% of U.S. corn use in recent years}
}

@techreport{ers_ethanol_2030,
  author      = {{USDA Economic Research Service}},
  title       = {Global Demand for Fuel Ethanol Through 2030},
  year        = {2023},
  month       = feb,
  howpublished = {\url{https://www.ers.usda.gov/publications/pub-details?pubid=105761}}
}

@misc{ers_feedgrains_topic,
  author       = {{USDA Economic Research Service}},
  title        = {Corn and Other Feed Grains},
  year         = {2025},
  month        = aug,
  howpublished = {\url{https://www.ers.usda.gov/topics/crops/corn-and-other-feed-grains}}
}

@misc{ers_feedgrains_outlook,
  author       = {{USDA Economic Research Service}},
  title        = {Corn and Other Feed Grains — Market Outlook},
  year         = {2025},
  month        = aug,
  howpublished = {\url{https://www.ers.usda.gov/topics/crops/corn-and-other-feed-grains/market-outlook}}
}

@misc{noaa_enso_discussion,
  author       = {{NOAA} {CPC}},
  title        = {ENSO Diagnostic Discussion},
  year         = {2025},
  month        = sep,
  howpublished = {\url{https://www.cpc.ncep.noaa.gov/products/analysis_monitoring/enso_advisory/ensodisc.shtml}}
}

@misc{ams_gtr_2023,
  author       = {{USDA Agricultural Marketing Service}},
  title        = {Grain Transportation Report},
  year         = {2023},
  month        = jul,
  howpublished = {\url{https://www.ams.usda.gov/sites/default/files/media/GTR07132023.pdf}},
  note         = {River draft constraints raise barge rates and depress local bids}
}

@misc{ncga_storage_2025,
  author       = {{National Corn Growers Association}},
  title        = {A Look at Current U.S. Grain Storage Capacity},
  year         = {2025},
  month        = aug,
  howpublished = {\url{https://ncga.com/stay-informed/media/the-corn-economy/article/2025/08/a-look-at-current-u-s-grain-storage-capacity}}
}

@techreport{ers_precision_2023,
  author       = {John L. McFadden and others},
  institution  = {{USDA Economic Research Service}},
  title        = {Precision Agriculture in the Digital Era: Recent Adoption on U.S. Farms},
  year         = {2023},
  howpublished = {\url{https://ers.usda.gov/sites/default/files/_laserfiche/publications/105894/EIB-248.pdf}}
}

@misc{cftc_cot_about,
  author       = {{U.S. Commodity Futures Trading Commission}},
  title        = {About the Commitments of Traders (COT) Reports},
  year         = {n.d.},
  howpublished = {\url{https://www.cftc.gov/MarketReports/CommitmentsofTraders/AbouttheCOTReports/index.htm}}
}

@misc{cftc_cot_notes,
  author       = {{U.S. Commodity Futures Trading Commission}},
  title        = {COT Explanatory Notes},
  year         = {n.d.},
  howpublished = {\url{https://www.cftc.gov/MarketReports/CommitmentsofTraders/ExplanatoryNotes/index.htm}}
}

@misc{usda_wasde,
  author       = {{USDA Office of the Chief Economist}},
  title        = {World Agricultural Supply and Demand Estimates (WASDE)},
  year         = {n.d.},
  howpublished = {\url{https://www.usda.gov/about-usda/general-information/staff-offices/office-chief-economist/commodity-markets/wasde-report}}
}

@misc{usda_understanding_wasde,
  author       = {{USDA NASS}},
  title        = {Understanding USDA Crop Forecasts},
  year         = {n.d.},
  howpublished = {\url{https://www.nass.usda.gov/Education_and_Outreach/Understanding_Statistics/pub1554.pdf}}
}

@misc{fas_mexico_decree_2023,
  author       = {{USDA Foreign Agricultural Service}},
  title        = {Mexico Issues 2023 Corn Decree to Substitute Gradually Biotech Corn Used in Human Consumption},
  year         = {2023},
  month        = mar,
  howpublished = {\url{https://www.fas.usda.gov/data/mexico-mexico-issues-2023-corn-decree-substitute-gradually-biotech-corn-used-human-consumption}}
}

@misc{ustr_usmca_biotech_2023,
  author       = {{Office of the U.S. Trade Representative}},
  title        = {United States Requests USMCA Dispute Settlement Consultations on Mexico’s Agricultural Biotechnology Measures},
  year         = {2023},
  month        = jun,
  howpublished = {\url{https://ustr.gov/about-us/policy-offices/press-office/press-releases/2023/june/united-states-requests-usmca-dispute-settlement-consultations-mexicos-agricultural-biotechnology}}
}

@misc{ustr_usmca_biotech_win_2024,
  author       = {{Office of the U.S. Trade Representative}},
  title        = {United States Prevails in USMCA Dispute on Biotech Corn},
  year         = {2024},
  month        = dec,
  howpublished = {\url{https://ustr.gov/about-us/policy-offices/press-office/press-releases/2024/december/united-states-prevails-usmca-dispute-biotech-corn}}
}

@misc{fas_mexico_grain_annual_2025,
  author       = {{USDA Foreign Agricultural Service}},
  title        = {Mexico: Grain and Feed Annual (MX2025-0013)},
  year         = {2025},
  month        = mar,
  howpublished = {\url{https://apps.fas.usda.gov/newgainapi/api/Report/DownloadReportByFileName?fileName=Grain+and+Feed+Annual_Mexico+City_Mexico_MX2025-0013.pdf}}
}

@misc{reuters_mexico_gm_ban_2025,
  author       = {Reuters},
  title        = {After trade dispute, Mexico officially bans the planting of GM corn},
  year         = {2025},
  month        = feb,
  howpublished = {\url{https://www.reuters.com/markets/commodities/after-trade-dispute-mexico-officially-bans-planting-gm-corn-2025-02-26/}}
}

@misc{reuters_record_crop_2025,
  author       = {Reuters},
  title        = {USDA projects record U.S. corn crop, biggest harvested acres since 1933},
  year         = {2025},
  month        = sep,
  howpublished = {\url{https://www.reuters.com/sustainability/climate-energy/usda-projects-record-us-corn-crop-biggest-harvested-acres-since-1933-2025-09-12/}}
}


@misc{eia_prices_2023,
  author       = {{U.S. Energy Information Administration}},
  title        = {Oil and petroleum products explained: Oil prices and outlook},
  year         = {2023},
  month        = aug,
  howpublished = {\url{https://www.eia.gov/energyexplained/oil-and-petroleum-products/prices-and-outlook.php}}
}

@misc{eia_opec_2024,
  author       = {{U.S. Energy Information Administration}},
  title        = {What is OPEC+ and how is it different from OPEC?},
  year         = {2024},
  howpublished = {\url{https://www.eia.gov/todayinenergy/detail.php?id=61102}}
}

@techreport{bis_usd_commodity_2023,
  author      = {Boris Hofmann and others},
  title       = {The changing nexus between commodity prices and the US dollar},
  institution = {Bank for International Settlements},
  year        = {2023},
  howpublished = {\url{https://www.bis.org/publ/bisbull74.pdf}}
}

@misc{ecb_oil_usd_2024,
  author       = {{European Central Bank}},
  title        = {The link between oil prices and the US dollar},
  year         = {2024},
  howpublished = {\url{https://www.ecb.europa.eu/press/economic-bulletin/focus/2024/html/ecb.ebbox202407_02~5ce155d504.en.html}}
}

@misc{reuters_oil_peak_2008,
  author       = {Reuters},
  title        = {Half a century of oil price volatility},
  year         = {2008},
  month        = nov,
  howpublished = {\url{https://www.reuters.com/article/markets/stocks/-half-a-century-of-oil-price-volatility-idUSTRE4AJ3ZR/}},
  note         = {Chronology noting July 11, 2008 peaks: Brent \$147.50, U.S. crude \$147.27}
}

@misc{worldbank_oil_spike_2008,
  author       = {C. E. Schlumberger},
  title        = {The Oil Price Spike of 2008: The result of speculation or an early realization of a supply-constrained world?},
  year         = {2010},
  howpublished = {\url{https://thedocs.worldbank.org/en/doc/60591434652912502-0190022009/original/AirTransportTheOilPriceSpikeof2008.pdf}}
}

@misc{cme_cl_specs,
  author       = {{CME Group}},
  title        = {Crude Oil Futures (CL) Contract Specifications},
  year         = {n.d.},
  howpublished = {\url{https://www.cmegroup.com/markets/energy/crude-oil/light-sweet-crude.contractSpecs.html}}
}

@misc{cme_cl_calendar,
  author       = {{CME Group}},
  title        = {Crude Oil Futures Calendar},
  year         = {n.d.},
  howpublished = {\url{https://www.cmegroup.com/markets/energy/crude-oil/light-sweet-crude.calendar.html}}
}

@misc{silver_institute_wss_2024,
  author       = {{The Silver Institute}},
  title        = {World Silver Survey 2024},
  year         = {2024},
  howpublished = {\url{https://www.silverinstitute.org/resources/world-silver-survey/}},
  note         = {Industrial demand, supply, and price drivers}
}

@techreport{usgs_silver_mcs_2024,
  author       = {{U.S. Geological Survey}},
  title        = {Mineral Commodity Summaries 2024: Silver},
  year         = {2024},
  institution  = {U.S. Department of the Interior},
  howpublished = {\url{https://pubs.usgs.gov/periodicals/mcs2024/mcs2024.pdf}},
  note         = {See the Silver chapter for uses and market factors}
}

@misc{britannica_silver_thursday,
  author       = {{Encyclop\ae dia Britannica}},
  title        = {Silver Thursday},
  year         = {n.d.},
  howpublished = {\url{https://www.britannica.com/event/Silver-Thursday}},
  note         = {Overview of the March 27, 1980 episode}
}

@misc{nyt_1980_silver_thursday,
  author       = {{The New York Times}},
  title        = {Silver Prices Collapse as Hunts Fail to Meet Margin Calls},
  year         = {1980},
  month        = mar,
  note         = {Coverage of March 27, 1980 events; archived article}
}


@misc{frbny_sofr,
  author       = {{Federal Reserve Bank of New York}},
  title        = {Secured Overnight Financing Rate (SOFR) Data},
  year         = {n.d.},
  howpublished = {\url{https://www.newyorkfed.org/markets/reference-rates/sofr}}
}

@misc{eia_backwardation_2013,
  author       = {{U.S. Energy Information Administration}},
  title        = {Oil futures price curve has steepened over the past six months},
  year         = {2013},
  month        = sep,
  howpublished = {\url{https://www.eia.gov/todayinenergy/detail.php?id=13051}},
  note         = {Explains backwardation in oil markets}
}

@misc{kaldor_working_brennan,
  author       = {Philippe Lautier},
  title        = {The Theory of Storage and the Convenience Yield (Kaldor--Working--Brennan)},
  year         = {2008},
  howpublished = {\url{https://www.pims.math.ca/files/Convenienceyield_Lautier.pdf}},
  note         = {Lecture notes summarizing classic storage theory}
}

@article{milonas_convenience_2024,
  author  = {N. T. Milonas and coauthors},
  title   = {The convenience yield under commodity financialization},
  journal = {Futures \& Derivatives},
  year    = {2024},
  doi     = {10.1002/fut.22485},
  url     = {https://onlinelibrary.wiley.com/doi/full/10.1002/fut.22485}
}

@techreport{banxico_regional_2024,
  author       = {{Banco de M{\'e}xico}},
  title        = {Reporte sobre las Econom{\'\i}as Regionales: Octubre--Diciembre 2023},
  year         = {2024},
  month        = mar,
  note         = {Publicado el 14 de marzo de 2024},
  institution  = {Banco de M{\'e}xico},
  howpublished = {\url{https://www.banxico.org.mx/publicaciones-y-prensa/reportes-sobre-las-economias-regionales/%7B55C1BDBE-C08A-2AD8-AA0F-ECDA84C8A940%7D.pdf}}
}

@article{dallasfed_peso_2023,
  author  = {Pon Sagnanert and Jes{\'u}s Ca{\~n}as and Luis Torres},
  title   = {Mexican peso strength noteworthy among emerging markets during Fed tightening},
  journal = {Dallas Fed Economics},
  year    = {2023},
  month   = sep,
  url     = {https://www.dallasfed.org/research/economics/2023/0926}
}

@techreport{bis_eme_internationalisation_2022,
  author      = {J. Caballero and others},
  title       = {The internationalisation of EME currency trading},
  institution = {Bank for International Settlements},
  year        = {2022},
  note        = {BIS Quarterly Review, December 2022},
  url         = {https://www.bis.org/publ/qtrpdf/r_qt2212g.htm}
}

@incollection{imf_tequila_2012,
  author    = {{International Monetary Fund}},
  title     = {Tequila Hangover: The Mexican Peso Crisis and Its Aftermath},
  booktitle = {IMF History 2000--2011},
  year      = {2012},
  url       = {https://www.imf.org/external/pubs/ft/history/2012/pdf/c10.pdf}
}

@misc{yale_tequila_2012,
  author       = {Aldo Musacchio},
  title        = {Mexico's Financial Crisis of 1994--1995},
  year         = {2012},
  howpublished = {\url{https://elischolar.library.yale.edu/cgi/viewcontent.cgi?article=12060&context=ypfs-documents}}
}

@misc{cme_mxn_product,
  author       = {{CME Group}},
  title        = {Mexican Peso (MXN/USD) Futures},
  year         = {2025},
  howpublished = {\url{https://www.cmegroup.com/markets/fx/emerging-market/mexican-peso.html}}
}

@misc{cme_mxn_rulebook,
  author       = {{CME Group}},
  title        = {Chapter 256: Mexican Peso/U.S. Dollar (MXN/USD) Futures},
  year         = {2022},
  howpublished = {\url{https://www.cmegroup.com/rulebook/CME/III/250/256/256.pdf}}
}

@misc{frbny_sofr_index,
  author       = {{Federal Reserve Bank of New York}},
  title        = {SOFR Averages and Index Data},
  year         = {n.d.},
  howpublished = {\url{https://www.newyorkfed.org/markets/reference-rates/sofr-averages-and-index}},
  note         = {Accessed Sep 13, 2025}
}

@techreport{bis_cip_2016,
  author      = {Claudio Borio and Robert N. McCauley and Patrick McGuire},
  title       = {Covered interest parity lost: understanding the cross-currency basis},
  institution = {Bank for International Settlements},
  year        = {2016},
  note        = {BIS Quarterly Review, September 2016},
  url         = {https://www.bis.org/publ/qtrpdf/r_qt1609e.htm}
}

@techreport{bis_cip_2024,
  author      = {J. R. Hern{\'a}ndez},
  title       = {Covered interest parity: a forecasting approach to estimate deviations},
  institution = {Bank for International Settlements},
  year        = {2024},
  note        = {BIS Working Papers No. 1206},
  url         = {https://www.bis.org/publ/work1206.htm}
}


@misc{banxico2023,
  author = {{Banco de México}},
  year = {2023},
  title = {Transición de las TIIE a plazos a la TIIE de fondeo},
  howpublished = {\url{https://www.banxico.org.mx/publicaciones-y-prensa/miscelaneos/%7BDD5668BD-09DA-8AEB-1A34-C53EB4DFB8C6%7D.pdf}},
  note = {June 2, 2023}
}

@misc{banxico_methodology,
  author = {{Banco de México}},
  year = {n.d.},
  title = {Overnight TIIE funding rate methodology},
  howpublished = {\url{https://www.banxico.org.mx/markets/d/%7B1FDD2772-9F1C-FDA3-FBBC-AC641FE94CD2%7D.pdf}},
  note = {PDF}
}

@misc{banxico_indices,
  author = {{Banco de México}},
  year = {n.d.},
  title = {Índices de TIIE de Fondeo y TIIE de Fondeo compuesta (CA766)},
  howpublished = {\url{https://www.banxico.org.mx/SieInternet/consultarDirectorioInternetAction.do?accion=consultarCuadroAnalitico&idCuadro=CA766&locale=es&sector=18}}
}

@misc{cme2025a,
  author = {{CME Group}},
  year = {2025},
  title = {A new era for Mexican rates: Inside three-month F-TIIE contracts},
  howpublished = {\url{https://www.cmegroup.com/articles/2025/new-quarterly-contracts-for-mexican-funding-tiie-futures.html}}
}

@misc{cme2025b,
  author = {{CME Group}},
  year = {2025},
  title = {Three-Month F-TIIE overview},
  howpublished = {\url{https://www.cmegroup.com/markets/interest-rates/stirs/three-month-f-tiie.html}}
}

@misc{cme2025c,
  author = {{CME Group}},
  year = {2025},
  title = {Chapter 474: Mexican Funding TIIE (Quarterly Contracts)},
  howpublished = {\url{https://www.cmegroup.com/rulebook/CME/V/450/474.pdf}}
}

@misc{cme2025d,
  author = {{CME Group}},
  year = {2025},
  title = {Mexican Funding TIIE (Monthly Contracts) overview},
  howpublished = {\url{https://www.cmegroup.com/markets/interest-rates/stirs/mexican-monthly-f-tiie.html}}
}

@misc{reuters2025,
  author = {Reuters},
  year = {2025},
  title = {Morgan Stanley expects four consecutive U.S. interest rate cuts starting next week},
  howpublished = {\url{https://www.reuters.com/business/morgan-stanley-expects-three-us-interest-rate-cuts-this-year-2025-09-12}},
  note = {September 12, 2025}
}

@misc{reuters2025a,
  author = {Reuters},
  year = {2025},
  title = {Fed’s fear meter may be pointing to stagnation rather than stagflation},
  howpublished = {\url{https://www.reuters.com/business/feds-fear-meter-may-be-pointing-stagnation-rather-than-stagflation-2025-09-12/}},
  note = {September 12, 2025}
}

@misc{reuters2025b,
  author = {Reuters},
  year = {2025},
  title = {Fed’s fear meter may be pointing to stagnation rather than stagflation},
  howpublished = {\url{https://www.reuters.com/business/feds-fear-meter-may-be-pointing-stagnation-rather-than-stagflation-2025-09-12/}},
  note = {September 12, 2025}
}

@misc{reuters2025c,
  author = {Reuters},
  year = {2025},
  title = {IMF says Fed has scope to lower interest rates},
  howpublished = {\url{https://www.reuters.com/markets/us/imf-says-fed-has-scope-lower-interest-rates-2025-09-11/}},
  note = {September 11, 2025}
}

@misc{reuters2025d,
  author = {Reuters},
  year = {2025},
  title = {Powell, citing jobs risk, opens door to cuts but doesn’t commit},
  howpublished = {\url{https://www.reuters.com/markets/wealth/powell-citing-jobs-risk-opens-door-cuts-doesnt-commit-2025-08-22/}},
  note = {August 22, 2025}
}

@misc{ycharts2025,
  author = {YCharts},
  year = {2025},
  title = {6 reasons leading to Fed rate cuts},
  howpublished = {\url{https://get.ycharts.com/resources/blog/6-reasons-leading-to-fed-rate-cuts/}}
}



@misc{spdj_ipc_page,
  author       = {{S\&P Dow Jones Indices}},
  title        = {S\&P/BMV IPC},
  year         = {n.d.},
  howpublished = {\url{https://www.spglobal.com/spdji/en/indices/equity/sp-bmv-ipc/}}
}

@misc{spdj_bmv_methodology,
  author       = {{S\&P Dow Jones Indices}},
  title        = {S\&P/BMV Indices Methodology},
  year         = {2020},
  month        = jun,
  howpublished = {\url{https://www.spglobal.com/spdji/en/documents/methodologies/methodology-sp-bmv-indices.pdf}}
}

@misc{mexder_ipc_fut,
  author       = {{MexDer}},
  title        = {S\&P/BMV IPC Futures Contract},
  year         = {2022},
  howpublished = {\url{https://www.mexder.com.mx/wb3/wb/MEX/MEX_Repositorio/_vtp/MEX/1ef4_presentaciones/_rid/21/_mto/3/IPC_Future_2022.pdf}}
}

@misc{reuters_ipc_record_2025,
  author       = {Reuters},
  title        = {Mexican peso and stocks head for weekly gains on Fed-cut bets; IPC hits record},
  year         = {2025},
  month        = sep,
  day          = {12},
  howpublished = {\url{https://www.reuters.com/latam/negocio/FI45P245BRLRJIYFOSWEE7ISUA-2025-09-12/}},
  note         = {Reports IPC near 61,903 and MXN around 18.48/USD}
}

@misc{reuters_usdmxn_quote,
  author       = {Reuters},
  title        = {US Dollar / Mexican Peso FX Spot Rate (USDMXN=X)},
  year         = {2025},
  month        = sep,
  howpublished = {\url{https://www.reuters.com/markets/quote/USDMXN%3DX/}},
  note         = {Quote page; ~18.42 on Sep 13, 2025}
}

@misc{bloomberg_mx_inflation_2025,
  author       = {Bloomberg News},
  title        = {Mexico Inflation Accelerates as Banxico Reduces Easing Pace},
  year         = {2025},
  month        = sep,
  day          = {9},
  howpublished = {\url{https://www.bloomberg.com/news/articles/2025-09-09/mexico-inflation-rises-more-than-expected-as-banxico-slows-cuts}}
}

@misc{mnd_inflation_band_2025,
  author       = {Mexico News Daily},
  title        = {Annual inflation rose in August, but remains within Banxico’s target band},
  year         = {2025},
  month        = sep,
  day          = {10},
  howpublished = {\url{https://mexiconewsdaily.com/news/inflation-ticks-up-august-banxico-expectations/}}
}

@misc{reuters_budget_2025,
  author       = {Reuters},
  title        = {Mexico sees budget deficit lower in 2026 as growth ticks up despite uncertainty},
  year         = {2025},
  month        = sep,
  day          = {8},
  howpublished = {\url{https://www.reuters.com/world/americas/mexico-sees-budget-deficit-lower-2026-growth-ticks-up-despite-uncertainty-2025-09-09/}}
}

@misc{reuters_pemex_plan_2025,
  author       = {Reuters},
  title        = {Mexico reveals sweeping plan to bring down Pemex debt, boost investment},
  year         = {2025},
  month        = aug,
  day          = {5},
  howpublished = {\url{https://www.reuters.com/world/americas/mexico-reveals-sweeping-plan-bring-down-pemex-debt-boost-investment-lift-2025-08-05/}}
}

@misc{reuters_tariffs_china_autos_2025,
  author       = {Reuters},
  title        = {BYD and Tesla set to lose most from Mexico's proposed tariffs on China},
  year         = {2025},
  month        = sep,
  day          = {12},
  howpublished = {\url{https://www.reuters.com/business/autos-transportation/byd-tesla-set-lose-most-mexicos-proposed-tariffs-china-2025-09-12/}}
}

@misc{reuters_border_jobs_2025,
  author       = {Reuters},
  title        = {In Mexican border town, thousands of jobs lost due to U.S. tariffs},
  year         = {2025},
  month        = sep,
  day          = {1},
  howpublished = {\url{https://www.reuters.com/business/world-at-work/mexican-border-town-thousands-jobs-lost-due-trump-tariffs-2025-09-01/}}
}
